<record><leader>00000cas a22000007a 4500</leader><controlfield tag="001">11891335</controlfield><controlfield tag="008">850408d18371839ohuwr ne      0    0eng  </controlfield><datafield ind1=" " ind2=" " tag="010"><subfield code="a">sn 85042197 </subfield></datafield><datafield ind1=" " ind2=" " tag="040"><subfield code="a">DLC</subfield><subfield code="b">eng</subfield><subfield code="c">DLC</subfield><subfield code="d">ONP</subfield><subfield code="d">OCLCQ</subfield></datafield><datafield ind1=" " ind2=" " tag="042"><subfield code="a">msc</subfield></datafield><datafield ind1="0" ind2="0" tag="050"><subfield code="a">Newspaper 9214-X</subfield></datafield><datafield ind1="0" ind2=" " tag="130"><subfield code="a">Organ (Cadiz, Ohio)</subfield></datafield><datafield ind1="1" ind2="4" tag="245"><subfield code="a">The Organ.</subfield></datafield><datafield ind1="1" ind2="3" tag="246"><subfield code="a">Harrison County organ</subfield></datafield><datafield ind1=" " ind2=" " tag="260"><subfield code="a">Cadiz, Ohio :</subfield><subfield code="b">S. Douglass,</subfield><subfield code="c">-1839.</subfield></datafield><datafield ind1=" " ind2=" " tag="300"><subfield code="a">v. ;</subfield><subfield code="c">55 cm.</subfield></datafield><datafield ind1=" " ind2=" " tag="310"><subfield code="a">Weekly</subfield></datafield><datafield ind1="1" ind2=" " tag="362"><subfield code="a">Began in 1837.</subfield><subfield code="z">Cf. Gregory, W. Amer. newspapers.</subfield></datafield><datafield ind1="0" ind2=" " tag="362"><subfield code="a">-v. 3, no. 52 (Nov. 28, 1839).</subfield></datafield><datafield ind1=" " ind2=" " tag="500"><subfield code="a">"Whig." Cf. Gutgesell, S. Guide to Ohio newspapers, 1974.</subfield></datafield><datafield ind1=" " ind2=" " tag="588"><subfield code="a">Description based on: Vol. 2, no. 2 (Dec. 14, 1837).</subfield></datafield><datafield ind1=" " ind2=" " tag="752"><subfield code="a">United States</subfield><subfield code="b">Ohio</subfield><subfield code="c">Harrison</subfield><subfield code="d">Cadiz.</subfield></datafield><datafield ind1="0" ind2="0" tag="780"><subfield code="t">Harrison County organ</subfield><subfield code="w">(DLC)sn 85025648</subfield></datafield><datafield ind1="0" ind2="0" tag="785"><subfield code="t">Cadiz organ</subfield><subfield code="w">(DLC)sn 84028791</subfield></datafield></record>